<record xmlns:xsi="http://www.w3.org/2001/XMLSchema-instance" xmlns="http://www.loc.gov/MARC21/slim" xsi:schemaLocation="http://www.loc.gov/MARC21/slim http://www.loc.gov/standards/marcxml/schema/MARC21slim.xsd">

  <leader>00531nam a2200169Ia 4500</leader>
  <datafield tag="999" ind2=" " ind1=" ">
    <subfield code="c">740</subfield>
    <subfield code="d">740</subfield>
  </datafield>
  <controlfield tag="008">170525b1998    ag ||||| |||| 00| | spa d</controlfield>
  <datafield tag="020" ind2=" " ind1=" ">
    <subfield code="a">9879694708</subfield>
  </datafield>
  <datafield ind1=" " ind2=" " tag="090">
    <subfield code="a">08.16.01 </subfield>
    <subfield code="b">1308</subfield>
  </datafield>
  <datafield ind1="1" ind2=" " tag="100">
    <subfield code="a">Rey Valzacchi, Jorge</subfield>
    <subfield code="9">2861</subfield>
  </datafield>
  <datafield ind1="1" ind2="0" tag="245">
    <subfield code="a">Internet y educación: aprendiendo y enseñando en los espacios virtuales / </subfield>
    <subfield code="c">Jorge Rey Valzacchi</subfield>
  </datafield>
  <datafield tag="260" ind2=" " ind1=" ">
    <subfield code="a">Argentina : </subfield>
    <subfield code="b">Ediciones Horizonte, </subfield>
    <subfield code="c">1998</subfield>
  </datafield>
  <datafield ind2=" " ind1=" " tag="300">
    <subfield code="a">352 páginas</subfield>
  </datafield>
  <datafield ind2="4" ind1="1" tag="650">
    <subfield code="a">INTERNET </subfield>
    <subfield code="9">350</subfield>
  </datafield>
  <datafield ind1="1" ind2="4" tag="650">
    <subfield code="a">EDUCACIÓN</subfield>
    <subfield code="9">1</subfield>
  </datafield>
  <datafield tag="650" ind1="1" ind2="4">
    <subfield code="a">TELECOMUNICACIONES</subfield>
    <subfield code="9">2862</subfield>
  </datafield>
  <datafield ind1=" " ind2=" " tag="942">
    <subfield code="2">z</subfield>
    <subfield code="c">01</subfield>
  </datafield>
</record>